@article{hendel2006measuring,
  title     = {Measuring the implications of sales and consumer inventory behavior},
  author    = {Hendel, Igal and Nevo, Aviv},
  journal   = {Econometrica},
  volume    = {74},
  number    = {6},
  pages     = {1637--1673},
  year      = {2006},
  publisher = {Wiley Online Library}
}

@article{gowrisankaran2012dynamics,
  title     = {Dynamics of consumer demand for new durable goods},
  author    = {Gowrisankaran, Gautam and Rysman, Marc},
  journal   = {Journal of political Economy},
  volume    = {120},
  number    = {6},
  pages     = {1173--1219},
  year      = {2012},
  publisher = {University of Chicago Press Chicago, IL}
}

@article{de2019subsidies,
  title     = {Subsidies and time discounting in new technology adoption: Evidence from solar photovoltaic systems},
  author    = {De Groote, Olivier and Verboven, Frank},
  journal   = {American Economic Review},
  volume    = {109},
  number    = {6},
  pages     = {2137--2172},
  year      = {2019},
  publisher = {American Economic Association 2014 Broadway, Suite 305, Nashville, TN 37203}
}

@article{sweeting2012dynamic,
  title     = {Dynamic pricing behavior in perishable goods markets: Evidence from secondary markets for major league baseball tickets},
  author    = {Sweeting, Andrew},
  journal   = {Journal of Political Economy},
  volume    = {120},
  number    = {6},
  pages     = {1133--1172},
  year      = {2012},
  publisher = {University of Chicago Press Chicago, IL}
}

@article{rust1987optimal,
  title     = {Optimal replacement of GMC bus engines: An empirical model of Harold Zurcher},
  author    = {Rust, John},
  journal   = {Econometrica: Journal of the Econometric Society},
  pages     = {999--1033},
  year      = {1987},
  publisher = {JSTOR}
}

@techreport{pakes1984patents,
  title       = {Patents as options: Some estimates of the value of holding European patent stocks},
  author      = {Pakes, Ariel},
  year        = {1984},
  institution = {National Bureau of Economic Research}
}

@article{dana1999using,
  title     = {Using yield management to shift demand when the peak time is unknown},
  author    = {Dana Jr, James D},
  journal   = {The Rand Journal of Economics},
  pages     = {456--474},
  year      = {1999},
  publisher = {JSTOR}
}

@article{dana1999equilibrium,
  title     = {Equilibrium price dispersion under demand uncertainty: the roles of costly capacity and market structure},
  author    = {Dana Jr, James D},
  journal   = {The RAND Journal of Economics},
  pages     = {632--660},
  year      = {1999},
  publisher = {JSTOR}
}

@article{board2016revenue,
  title     = {Revenue management with forward-looking buyers},
  author    = {Board, Simon and Skrzypacz, Andrzej},
  journal   = {Journal of Political Economy},
  volume    = {124},
  number    = {4},
  pages     = {1046--1087},
  year      = {2016},
  publisher = {University of Chicago Press Chicago, IL}
}

@article{gershkov2018revenue,
  title     = {Revenue-maximizing mechanisms with strategic customers and unknown, markovian demand},
  author    = {Gershkov, Alex and Moldovanu, Benny and Strack, Philipp},
  journal   = {Management Science},
  volume    = {64},
  number    = {5},
  pages     = {2031--2046},
  year      = {2018},
  publisher = {INFORMS}
}

@article{dilme2019revenue,
  title     = {Revenue management without commitment: Dynamic pricing and periodic flash sales},
  author    = {Dilme, Francesc and Li, Fei},
  journal   = {The Review of Economic Studies},
  volume    = {86},
  number    = {5},
  pages     = {1999--2034},
  year      = {2019},
  publisher = {Oxford University Press}
}

@article{nevo2001measuring,
  title     = {Measuring market power in the ready-to-eat cereal industry},
  author    = {Nevo, Aviv},
  journal   = {Econometrica},
  volume    = {69},
  number    = {2},
  pages     = {307--342},
  year      = {2001},
  publisher = {Wiley Online Library}
}

@article{berry1995automobile,
  title     = {Automobile Prices in Market Equilibrium},
  author    = {Berry, Steven and Levinsohn, James and Pakes, Ariel},
  journal   = {Econometrica: Journal of the Econometric Society},
  pages     = {841--890},
  year      = {1995},
  publisher = {JSTOR}
}

@article{grigolon2018consumer,
  title     = {Consumer valuation of fuel costs and tax policy: Evidence from the European car market},
  author    = {Grigolon, Laura and Reynaert, Mathias and Verboven, Frank},
  journal   = {American Economic Journal: Economic Policy},
  volume    = {10},
  number    = {3},
  pages     = {193--225},
  year      = {2018},
  publisher = {American Economic Association}
}

@techreport{betancourt2022dynamic,
  title       = {Dynamic price competition: Theory and evidence from airline markets},
  author      = {Betancourt, Jose M and Horta{\c{c}}su, Ali and Oery, Aniko and Williams, Kevin R},
  year        = {2022},
  institution = {National Bureau of Economic Research}
}